@article{avram2014advantages,
  title={Advantages and challenges of adopting cloud computing from an enterprise perspective},
  author={Avram, Maricela-Georgiana},
  journal={Procedia Technology},
  volume={12},
  pages={529--534},
  year={2014},
  publisher={Elsevier}
}

@inproceedings{loff2014vadara,
  title={Vadara: Predictive elasticity for cloud applications},
  author={Loff, Joao and Garcia, Joao},
  booktitle={Cloud Computing Technology and Science (CloudCom), 2014 IEEE 6th International Conference on},
  pages={541--546},
  year={2014},
  organization={IEEE}
}

@inproceedings{andrikopoulos2017engineering,
  title={Engineering Cloud-based Applications: Towards an Application Lifecycle},
  author={Andrikopoulos, Vasilios},
  booktitle={European Conference on Service-Oriented and Cloud Computing},
  pages={57--72},
  year={2017},
  organization={Springer}
}

@article{kephart2003vision,
  title={The vision of autonomic computing},
  author={Kephart, Jeffrey O and Chess, David M},
  journal={Computer},
  volume={36},
  number={1},
  pages={41--50},
  year={2003},
  publisher={IEEE}
}

@article{iglesia2015mape,
  title={MAPE-K formal templates to rigorously design behaviors for self-adaptive systems},
  author={Iglesia, Didac Gil De La and Weyns, Danny},
  journal={ACM Transactions on Autonomous and Adaptive Systems (TAAS)},
  volume={10},
  number={3},
  pages={15},
  year={2015},
  publisher={ACM}
}

@article{zadeh1996fuzzy,
  title={Fuzzy logic= computing with words},
  author={Zadeh, Lotfi A},
  journal={IEEE transactions on fuzzy systems},
  volume={4},
  number={2},
  pages={103--111},
  year={1996},
  publisher={IEEE}
}

@inproceedings{ardagna2012modaclouds,
  title={Modaclouds: A model-driven approach for the design and execution of applications on multiple clouds},
  author={Ardagna, Danilo and Di Nitto, Elisabetta and Casale, Giuliano and Petcu, Dana and Mohagheghi, Parastoo and Mosser, S{\'e}bastien and Matthews, Peter and Gericke, Anke and Ballagny, Cyril and D'Andria, Francesco and others},
  booktitle={Proceedings of the 4th International Workshop on Modeling in Software Engineering},
  pages={50--56},
  year={2012},
  organization={IEEE Press}
}

@inproceedings{quarati2012delivering,
  title={Delivering cloud services with QoS requirements: an opportunity for ICT SMEs},
  author={Quarati, Alfonso and Dâ€™Agostino, Daniele and Galizia, Antonella and Mangini, Matteo and Clematis, Andrea},
  booktitle={International Conference on Grid Economics and Business Models},
  pages={197--211},
  year={2012},
  organization={Springer}
}

@article{qu2018auto,
  title={Auto-scaling web applications in clouds: A taxonomy and survey},
  author={Qu, Chenhao and Calheiros, Rodrigo N and Buyya, Rajkumar},
  journal={ACM Computing Surveys (CSUR)},
  volume={51},
  number={4},
  pages={73},
  year={2018},
  publisher={ACM}
}

@inproceedings{andrikopoulos2014optimal,
  title={Optimal distribution of applications in the cloud},
  author={Andrikopoulos, Vasilios and S{\'a}ez, Santiago G{\'o}mez and Leymann, Frank and Wettinger, Johannes},
  booktitle={International Conference on Advanced Information Systems Engineering},
  pages={75--90},
  year={2014},
  organization={Springer}
}

@misc{Microservices,
  title = {Microservices},
  howpublished = {\url{https://martinfowler.com/articles/microservices.html}},
  note = {Accessed: 2018-08-04}
}

@misc{amazon,
  title = {AWS Auto Scaling},
  howpublished = {\url{https://aws.amazon.com/autoscaling/}},
  note = {Accessed: 2018-08-15}
}